<record xmlns="http://www.openarchives.org/OAI/2.0/" xmlns:xsi="http://www.w3.org/2001/XMLSchema-instance"><header><identifier>oai:alma.34CSIC_INST:990013547190204201</identifier><datestamp>2020-03-13T08:21:41Z</datestamp><setSpec>manuscripta</setSpec></header><metadata><record xmlns="http://www.loc.gov/MARC21/slim" xmlns:xsi="http://www.w3.org/2001/XMLSchema-instance" xsi:schemaLocation="http://www.loc.gov/MARC21/slim http://www.loc.gov/standards/marcxml/schema/MARC21slim.xsd"><leader>04081ntm a2200601 i 4500</leader><controlfield tag="005">20200312133737.0</controlfield><controlfield tag="008">101028sn                     000 0 ara d</controlfield><controlfield tag="001">990013547190204201</controlfield><datafield tag="035" ind1=" " ind2=" "><subfield code="a">CSIC001354719</subfield></datafield><datafield tag="035" ind1=" " ind2=" "><subfield code="a">(ES-MaCSI)001354719MAD01-Aleph</subfield></datafield><datafield tag="040" ind1=" " ind2=" "><subfield code="a">ES-MaCSI</subfield><subfield code="b">spa</subfield></datafield><datafield tag="245" ind1="1" ind2="0"><subfield code="a">قطعة شعرية في الربانيات‭</subfield><subfield code="h">[‭Manuscrito]</subfield></datafield><datafield tag="260" ind1=" " ind2=" "><subfield code="c">[S. f.].</subfield></datafield><datafield tag="300" ind1=" " ind2=" "><subfield code="a">2 f. ;</subfield><subfield code="c">24 x 17 cm (caja: 16,5 x 12 cm).</subfield></datafield><datafield tag="490" ind1="1" ind2=" "><subfield code="a">Manuscripta</subfield></datafield><datafield tag="546" ind1=" " ind2=" "><subfield code="a">Arabe</subfield><subfield code="b">Escritura magrebí</subfield></datafield><datafield tag="500" ind1=" " ind2=" "><subfield code="a">Título transliterado: Qiṭʽa šiʽriyya fī l-rabbāniyyāt</subfield></datafield><datafield tag="500" ind1=" " ind2=" "><subfield code="a">Título facticio</subfield></datafield><datafield tag="500" ind1=" " ind2=" "><subfield code="a">Distribución: 1 col. Tiene 19 líneas por página.</subfield></datafield><datafield tag="500" ind1=" " ind2=" "><subfield code="a">Material: Papel</subfield></datafield><datafield tag="500" ind1=" " ind2=" "><subfield code="a">Tinta: Negra</subfield></datafield><datafield tag="500" ind1=" " ind2=" "><subfield code="a">(بعد البسملة) بسم الله تَذكُرُ اللهْ وانْعِضَامْ رَسُولُ اللهْ Incipit:‪</subfield></datafield><datafield tag="500" ind1=" " ind2=" "><subfield code="a">‪Explicit: حَطَنِي لِلْطُّلْبَا [...] أعْليا</subfield></datafield><datafield tag="500" ind1=" " ind2=" "><subfield code="a">Lugar de escritura: No consta</subfield></datafield><datafield tag="500" ind1=" " ind2=" "><subfield code="a">Copista: No consta</subfield></datafield><datafield tag="500" ind1=" " ind2=" "><subfield code="a">‪Colofón: No consta</subfield></datafield><datafield tag="500" ind1=" " ind2=" "><subfield code="a">Características especiales: Texto vocalizado</subfield></datafield><datafield tag="500" ind1=" " ind2=" "><subfield code="a">Ilustración: No</subfield></datafield><datafield tag="500" ind1=" " ind2=" "><subfield code="a">Ilustraciones: A modo de elemento decorativo se utilizan las comillas para cerrar (“) a final de cada línea.</subfield></datafield><datafield tag="500" ind1=" " ind2=" "><subfield code="a">Tipo de cuaderno: 1 cuad.: 1 bifolio.</subfield></datafield><datafield tag="500" ind1=" " ind2=" "><subfield code="a">Deterioros: Sólo se aprecian pequeñas exfoliaciones en las márgenes exteriores de los folios que no afectan al texto.</subfield></datafield><datafield tag="500" ind1=" " ind2=" "><subfield code="a">H en blanco: 2 H en blanco: folios 1r y 2v.</subfield></datafield><datafield tag="500" ind1=" " ind2=" "><subfield code="a">H dañadas, mutiladas, sueltas: No</subfield></datafield><datafield tag="500" ind1=" " ind2=" "><subfield code="a">H faltan o añadidas: H Faltan: no se puede precisar con exactitud el total de folios que le faltan.</subfield></datafield><datafield tag="500" ind1=" " ind2=" "><subfield code="a">Foliación: Sin foliación original. Foliación moderna a lápiz hecha por Naima Anahnah (2010).</subfield></datafield><datafield tag="500" ind1=" " ind2=" "><subfield code="a">Reclamos: No</subfield></datafield><datafield tag="500" ind1=" " ind2=" "><subfield code="a">Sign. cuad.: No</subfield></datafield><datafield tag="500" ind1=" " ind2=" "><subfield code="a">Pautado: Punta seca (casi inapreciable).</subfield></datafield><datafield tag="500" ind1=" " ind2=" "><subfield code="a">Filigrana: La palabra “ESPAÑOLA” en letras mayúsculas ahuecadas, y a modo de contra-filigranas parciales se lee a un lado “BOA” en letras mayúsculas y ahuecadas, mientras que al otro lado se aprecia parte de lo que puede que sea un escudo.</subfield></datafield><datafield tag="563" ind1=" " ind2=" "><subfield code="a">Encuadernación: Carece de encuadernación</subfield></datafield><datafield tag="541" ind1=" " ind2=" "><subfield code="a">Procedencia: Escuela de Estudios Árabes</subfield><subfield code="c">[Carlos Quirós Rodríguez]</subfield><subfield code="d">[198-?]</subfield></datafield><datafield tag="500" ind1=" " ind2=" "><subfield code="a">Signatura antigua: No</subfield></datafield><datafield tag="500" ind1=" " ind2=" "><subfield code="a">Anotaciones: Anotaciones en el margen superior de los folios 1v y 2r de la basmala; mientras que, en el margen lateral izquierdo del folio 2r aparece la anotación de la taṣliya, acompañada de un salmo.</subfield></datafield><datafield tag="581" ind1=" " ind2=" "><subfield code="a">Descripción: No</subfield></datafield><datafield tag="530" ind1=" " ind2=" "><subfield code="a">Otros soportes: No</subfield></datafield><datafield tag="581" ind1=" " ind2=" "><subfield code="a">Edición: No</subfield></datafield><datafield tag="520" ind1="2" ind2=" "><subfield code="a">Contenido: Qiṭʽa šiʽriyya fī l-rabbāniyyāt [Incompleto y ápodo]</subfield></datafield><datafield tag="650" ind1=" " ind2="7"><subfield code="a">Poesía islámica</subfield><subfield code="v">Manuscritos.</subfield><subfield code="2">CSICAU</subfield></datafield><datafield tag="740" ind1="0" ind2=" "><subfield code="a">Qiṭʽa šiʽriyya fī l-rabbāniyyāt</subfield></datafield><datafield tag="830" ind1=" " ind2="0"><subfield code="a">Manuscripta</subfield></datafield><datafield tag="856" ind1="4" ind2="1"><subfield code="u">http://aleph.csic.es/imagenes/mad01/0006_PMSC/P_001354719_792401_V00.pdf</subfield><subfield code="z">Descargar Pdf completo (674K)</subfield><subfield code="m">CSIC</subfield></datafield><datafield tag="856" ind1="4" ind2="1"><subfield code="u">http://simurg.bibliotecas.csic.es/viewer/image/CSIC001354719/1/</subfield><subfield code="z">Ver texto completo en SIMURG, el portal de fondos digitalizados del CSIC</subfield><subfield code="m">CSIC</subfield></datafield><datafield tag="856" ind1="4" ind2="1"><subfield code="u">http://aleph.csic.es/imagenes/mad01/0006_PMSC/html/001354719.html</subfield><subfield code="z">Ver texto completo en Bookreader</subfield></datafield></record></metadata></record>